% Encoding: UTF-8

@Article{TEST,
  author  = {A.U. Thor},
  title   = {Cited Article},
  journal = {Journal Name},
  year    = {2020},
}

@Article{testone,
  author  = {Author one},
  title   = {Article 1},
  journal = {Journal 1},
  year    = {1989},
}

@Article{cite2,
  author  = {Author two},
  title   = {Article 2},
  journal = {Journal 2},
  year    = {1900},
}

@Article{cite3,
  author  = {Author three},
  title   = {Article 3},
  journal = {Journal 3},
  year    = {1990},
}

@Article{cite4,
  author  = {Author four},
  title   = {Article 4},
  journal = {Journal 4},
  year    = {1990},
}

@Article{cite5,
  author  = {Author five},
  title   = {Article five},
  journal = {Journal five},
  year    = {1990},
}

@Comment{jabref-meta: databaseType:bibtex;}
