@Article{TEST,
  author  = {A.U. Thor},
  journal = {Journal Name},
  title   = {Cited Article},
  year    = {2020},
}

@Article{testone,
  author  = {Author one},
  journal = {Journal 1},
  title   = {Article 1},
  year    = {1989},
}

@Article{cite2,
  author  = {Author two},
  journal = {Journal 2},
  title   = {Article 2},
  year    = {1900},
}

@Article{cite3,
  author  = {Author three},
  journal = {Journal 3},
  title   = {Article 3},
  year    = {1990},
}

@Article{cite4,
  author  = {Author four},
  journal = {Journal 4},
  title   = {Article 4},
  year    = {1990},
}

@Article{cite5,
  author  = {Author five},
  journal = {Journal five},
  title   = {Article five},
  year    = {1990},
}

@Article{Aldrich2017,
  author    = {Daniel R. Aldrich and Cagri Ayranci and David S. Nobes},
  journal   = {SoftwareX},
  title     = {OSM-Classic: An optical imaging technique for accurately determining strain},
  year      = {2017},
  pages     = {225--230},
  volume    = {6},
  bibsource = {dblp computer science bibliography, https://dblp.org},
  biburl    = {https://dblp.org/rec/journals/softx/AldrichAN17.bib},
  doi       = {10.1016/J.SOFTX.2017.08.007},
  file      = {:Reference PDFs/Aldrich2017-OSM_Classic_an_Optical_Imaging_Technique_for_Accurately_Determining_Strain.pdf:PDF},
}

@Electronic{FGPS2024,
  author       = {{Faculty of Graduate \& Postdoctoral Studies}},
  howpublished = {Online PDF},
  month        = jun,
  organization = {University of Alberta},
  title        = {Appendix for Thesis Formatting Guidelines},
  url          = {https://www.ualberta.ca/graduate-studies/media-library/current-students/appendix-for-thesis-formatting-guidelines.pdf},
  year         = {2024},
}

@Electronic{FGSR2016,
	author       = {{Faculty of Graduate Studies \& Research}},
	howpublished = {Online PDF},
	month        = mar,
	organization = {University of Alberta},
	title        = {FGSR Minimum Thesis Formatting Requirements},
	url          = {https://www.ualberta.ca/graduate-studies/current-students/academic-requirements/thesis-requirement-and-preparation/index.html},
	year         = {2016},
}
